<?xml version="1.0" encoding="UTF-8"?><collection xmlns="http://www.loc.gov/MARC21/slim"><record><leader>00488nam--2200169-i-4500</leader><controlfield tag="001">000036414</controlfield><controlfield tag="002">20161230</controlfield><controlfield tag="005">20161230201040</controlfield><controlfield tag="008">060222s1000------------r-----000-0-eng-d</controlfield><datafield ind1=" " ind2=" " tag="040"><subfield code="a">IFIN-HH</subfield></datafield><datafield ind1=" " ind2=" " tag="080"><subfield code="a">537.8(043)</subfield></datafield><datafield ind1="1" ind2=" " tag="100"><subfield code="a">Post, Evert Jan</subfield></datafield><datafield ind1="1" ind2="0" tag="245"><subfield code="a">On the implementation of general covariance for the electromagnetic medium</subfield><subfield code="b">Dissertation</subfield><subfield code="c">Evert jan post</subfield></datafield><datafield ind1=" " ind2=" " tag="260"><subfield code="a">Amsterdam</subfield><subfield code="b">Universiteit</subfield><subfield code="c">1964</subfield></datafield><datafield ind1=" " ind2=" " tag="300"><subfield code="a">94P</subfield></datafield><datafield ind1=" " ind2=" " tag="852"><subfield code="a">78356</subfield><subfield code="c">537:538</subfield></datafield><datafield ind1=" " ind2=" " tag="CAT"><subfield code="a">Sys</subfield><subfield code="c">20110630</subfield><subfield code="h">093221</subfield></datafield></record></collection>